

@online{WEB:GNU:GPL:2010,
	Author = {{Free Software Foundation, Inc.}},
	Title = {GNU General Public License},
	Url = {http://www.gnu.org/licenses/gpl.html},
	Urldate = {2011-05-27},
	Year = {2010}
}

@online{WEB:Miede:2011,
	Author = {Andr{\'e} Miede},
	Title = {A Classic Thesis Style by Andr{\'e} Miede},
	Url = {http://www.miede.de/index.php?page=classicthesis},
	Urldate = {2011-05-27},
	Year = {2011}
}

@book{Jurgens:2000,
	Author = {Manuela J{\"u}rgens},
	Publisher = {FernUniversit{\"a}t Gesamthochschule in Hagen},
	Title = {LaTeX: eine Einf{\"u}hrung und ein bisschen mehr},
	Year = {2000}
}

@book{Jurgens:1995,
	Author = {Manuela J{\"u}rgens},
	Publisher = {FernUniversit{\"a}t Gesamthochschule in Hagen},
	Title = {LaTeX: Fortgeschrittene Anwendungen},
	Year = {1995}
}

@manual{Miede:2011,
	Author = {Andr{\'e} Miede},
	Title = {A Classic Thesis Style: An Homage to The Elements of Typographic Style},
	Year = {2011}
}

@book{Kohm:2011,
	Author = {Markus Kohm and Jens-Uwe-Morawski},
	Title = {KOMA-Script: Die Anleitung},
	Year = {2011}
}

@book{Apple:keynote:2010,
	Author = {{Apple Inc.}},
	Publisher = {{Apple Inc.}},
	Title = {Keynote '09 User Guide},
	Year = {2010}
}

@book{Apple:numbers:2010,
	Author = {{Apple Inc.}},
	Publisher = {{Apple Inc.}},
	Title = {Numbers '09 User Guide},
	Year = {2010}
}

@book{Apple:pages:2010,
	Author = {{Apple Inc.}},
	Publisher = {{Apple Inc.}},
	Title = {Pages '09 User Guide},
	Year = {2010}
}










@online{WEB:YouTube:2015,
	Author = {{YouTube, LLC}},
	Title = {YouTube.com Statistics},
	Url = {https://web.archive.org/web/20150520171813/https://www.youtube.com/yt/press/statistics.html},
	Urldate = {2015-05-22},
	Year = {2015}
}

@online{WEB:Tubefilter:2014,
	Author = {{Tubefilter, Inc.}},
	Title = {YouTube Now Sees 300 Hours of Video Uploaded Every Minute},
	Url = {http://www.tubefilter.com/2014/12/01/youtube-300-hours-video-per-minute/},
	Urldate = {2015-02-25},
	Year = {2014}
}

@online{WEB:ExpandedRamblings:2016,
	Author = {DMR},
	Editor = {Craig Smith},
	Title = {By The Numbers: 125+ Amazing YouTube Statistics},
	Url = {http://expandedramblings.com/index.php/youtube-statistics/},
	Urldate = {2015-02-25},
	Year = {2016}
}

@online{WEB:CLIR:1995,
	Author = {Council on Library and Information Resources},
	Title = {What Can Go Wrong With Magnetic Media?},
	Url = {http://www.clir.org/pubs/reports/pub54/2what_wrong.html},
	Urldate = {2015-02-25},
	Year = {1995}
}

@online{WEB:EAS:2016,
	Author = {Emerald Art Services, LLC},
	Title = {Visual Media Deterioration},
	Url = {http://www.emeraldartservices.com/visual-media-deterioration/},
	Urldate = {2015-02-25},
	Year = {2016}
}

@online{WEB:OpinionCity:2015,
	Author = {Coffey, Daniel},
	Title = {OpinionCity},
	Url = {http://opinion.city},
	Urldate = {2016-06-10},
	Year = {2015}
}

@online{WEB:BusinessWire:2015,
	Author = {Business Wire},
	Title = {{For the First Time Ever, X-Ray for Movies and TV Shows Now Available Directly on Your TV — Answer the Classic Movie-Watching Question "Who’s That Guy?"" with Your Amazon Fire TV}},
	Url = {http://www.businesswire.com/multimedia/home/20150413005383/en/},
	Urldate = {2015-04-13},
	Year = {2015}
}

@online{WEB:IMDB:2016,
	Author = {Internet Movie Database},
	Title = {{X-Ray for Movies \& TV by IMDb}},
	Url = {http://www.businesswire.com/multimedia/home/20150413005383/en/},
	Urldate = {2016-07-26},
	Year = {2016}
}

@online{WEB:Amazon:2015,
	Author = {Amazon.com, Inc.},
	Title = {{Press Release: For the First Time Ever, X-Ray for Movies and TV Shows Now Available Directly on Your TV - Answer the Classic Movie-Watching Question "Who’s That Guy?" with Your Amazon Fire TV}},
	Url = {http://phx.corporate-ir.net/phoenix.zhtml?c=176060&p=irol-newsArticle&ID=2034369},
	Urldate = {2015-04-13},
	Year = {2015}
}

@online{WEB:Engadget:2012,
	Author = {Engadget},
	Editor = {Dana Wollman},
	Publisher = {Engadget},
	Title = {Amazon announces X-Ray for Movies, a Kindle feature that uses IMDB to name the actors for you},
	Url = {https://www.engadget.com/2012/09/06/amazon-announces-x-ray-for-movies-a-kindle-feature-that-uses-im/},
	Urldate = {2012-09-06},
	Year = {2012}
}

@online{WEB:VentureBeat:2015,
	Author = {Venture Beat},
	Editor = {Paul Sawers},
	Publisher = {Engadget},
	Title = {Amazon launches X-Ray on Fire TV to bring IMDb movie and TV data to the big screen},
	Url = {http://venturebeat.com/2015/04/13/amazons-x-ray-arrives-for-fire-tv-and-fire-tv-stick-bringing-context-to-instant-video-on-the-big-screen/},
	Urldate = {2015-04-13},
	Year = {2015}
}

@online{WEB:Wired:2015,
	Author = {Wired},
	Editor = {David Pierce},
	Publisher = {Wired},
	Title = {{Amazon's X-Ray Shows Movie Info Whenever You Hit Pause}},
	Url = {http://www.wired.com/2015/04/amazon-xray-fire-tv/},
	Urldate = {2015-04-13},
	Year = {2015}
}

@online{WEB:Gizmodo:2012,
	Author = {Gizmodo},
	Editor = {Brian Barrett},
	Publisher = {Gizmodo},
	Title = {{Amazon's X-Ray for Movies Knows What You're Watching—And Who's In It}},
	Url = {http://gizmodo.com/5941067/amazons-x-ray-for-movies-knows-what-youre-watchingand-whos-in-it},
	Urldate = {2012-09-06},
	Year = {2012}
}

@thesis{Desenne:2012,
	Title = {{Prototype for a Media-rich Video Annotation Tool}},
	Author = {{Desenne, Philip}},
	School = {Harvard University Extension School},
	Year = {2012}
}

@online{WEB:NewVoiceMedia:2012,
	Author = {Charlie Cowan},
	Publisher = {New Voice Media},
	Title = {Agile Development: Context switching comes at the price of delivery},
	Url = {http://www.newvoicemedia.com/blog/agile-development-context-switching-comes-at-the-price-of-delivery/},
	Urldate = {2012-06-12},
	Year = {2012}
}

@online{WEB:Psygrammer:2011,
	Author = {Psygrammer},
	Title = {Unnecessary Context Switches \& the Myth of Multitasking},
	Url = {https://psygrammer.com/2011/03/28/unnecessary-context-switches-the-myth-of-multitasking/},
	Urldate = {2011-03-28},
	Year = {2011}
}

@online{WEB:Kainulainen:2014,
	Author = {Petri Kainulainen},
	Title = {The Cost of Context Switching},
	Url = {http://www.petrikainulainen.net/software-development/processes/the-cost-of-context-switching/},
	Urldate = {2014-04-06},
	Year = {2014}
}

@online{WEB:Spolsky:2001,
	Author = {Joel Spolsky},
	Title = {Human Task Switches Considered Harmful},
	Url = {http://www.joelonsoftware.com/articles/fog0000000022.html},
	Urldate = {2001-02-12},
	Year = {2001}
}

@online{WEB:Braun:2012,
	Author = {Bryan Braun},
	Title = {Multitasking and Context Switching},
	Url = {http://www.bryanbraun.com/2012/06/25/multitasking-and-context-switching},
	Urldate = {2012-06-25},
	Year = {2012}
}

@online{WEB:Ninlabs:2013,
	Author = {Ninlabs Research},
	Title = {Programmer Interrupted},
	Url = {http://blog.ninlabs.com/2013/01/programmer-interrupted/},
	Urldate = {2013-01-19},
	Year = {2013}
}

